@online{github_relay_ns3,
  author = {{F. {Gjeci}}},
  year = {2024},
  title = {{O-RAN - V2X integration in NS3}},
  howpublished = "\url{https://github.com/fgjeci/ns3-mmwave-millicar}",
}

@inproceedings{gjeci2024towards,
  title={Towards Smarter Vehicular Communications: Leveraging Open RAN for Enhanced Vehicle-to-Vehicle Resources Management},
  author={Gjeci, Franci and Moro, Eugenio and Linsalata, Francesco and Filippini, Ilario and Capone, Antonio},
  booktitle={2024 IEEE 100th Vehicular Technology Conference (VTC2024-Fall)},
  pages={1--7},
  year={2024},
  organization={IEEE}
}

@online{github_relay_xapp,
  author = {{F. {Gjeci}}},
  year = {2024},
  title = {{O-RAN - V2X integration\: xApp}},
  howpublished = "\url{https://github.com/fgjeci/millicar-xapp}",
}

@inproceedings{10619753,
  author    = {Gjeci, Franci and Filippini, Ilario and Capone, Antonio},
  booktitle = {2024 IFIP Networking Conference (IFIP Networking)},
  title     = {An Optimized Handover Management Scheme Tailored for Heavy Hitters in a Disaggregated 5G O-RAN Architecture},
  year      = {2024},
  volume    = {},
  number    = {},
  pages     = {647-653},
  keywords  = {5G mobile communication;Microprocessors;Open RAN;Computer architecture;Handover;Self-organizing networks;Throughput;Open-RAN;SON;5G;handover optimization;heavy hitters},
  doi       = {10.23919/IFIPNetworking62109.2024.10619753}
}


@online{github_relay_config,
  author = {{F. {Gjeci}}},
  year = {2024},
  title = {{O-RAN - V2X integration\: Configuration}},
  howpublished = "\url{https://github.com/fgjeci/millicar-oran-integration}",
}

@article{10401992,
  author   = {Linsalata, Francesco and Moro, Eugenio and Gjeci, Franci and Magarini, Maurizio and Spagnolini, Umberto and Capone, Antonio},
  journal  = {IEEE Transactions on Vehicular Technology},
  title    = {Addressing Control Challenges in Vehicular Networks through O-RAN: a Novel Architecture and Simulation Framework},
  year     = {2024},
  volume   = {},
  number   = {},
  pages    = {1-12},
  keywords = {Vehicle-to-everything;Relays;5G mobile communication;Computer architecture;Millimeter wave communication;Data collection;Vehicle dynamics;Open RAN;V2X;6G;relay selection},
  doi      = {10.1109/TVT.2024.3355202}
}